@inproceedings{Karlsson:1990,
  title={Constraint grammar as a framework for parsing running text},
  author={Karlsson, Fred},
  booktitle={Proceedings of the 13th conference on Computational linguistics-Volume 3},
  pages={168--173},
  year={1990},
  organization={Association for Computational Linguistics}
}

@inproceedings{Hulden:2011,
  title={Constraint Grammar parsing with left and right sequential finite transducers},
  author={Hulden, Mans},
  booktitle={Proceedings of the 9th International Workshop on Finite State Methods and Natural Language Processing},
  pages={39--47},
  year={2011},
  organization={Association for Computational Linguistics}
}

@inproceedings{Peltonen:2011,
  title={A Finite State Constraint Grammar Parser},
  author={Peltonen, Janne},
  booktitle={Proceedings of the NODALIDA 2011 Workshop: Constraint Grammar Applications},
  pages={35--40},
  year={2011}
}

@inproceedings{Yli-Jyra:2011,
  title={An efficient constraint grammar parser based on inward deterministic automata},
  author={Yli-Jyr{\"a}, Anssi},
  booktitle={Proceedings of the NODALIDA 2011 Workshop: Constraint Grammar Applications},
  pages={50--60},
  year={2011}
}

@book{Tapanainen:1996,
  title={The constraint grammar parser CG-2},
  author={Tapanainen, Pasi},
  year={1996},
  publisher={University. Department of General Linguistics}
}

@article{Apertium:2011,
  title={Apertium: a free/open-source platform for rule-based machine translation},
  author={Forcada, Mikel L and Ginest{\'\i}-Rosell, Mireia and Nordfalk, Jacob and Oâ€™Regan, Jim and Ortiz-Rojas, Sergio and P{\'e}rez-Ortiz, Juan Antonio and S{\'a}nchez-Mart{\'\i}nez, Felipe and Ram{\'\i}rez-S{\'a}nchez, Gema and Tyers, Francis M},
  journal={Machine Translation},
  volume={25},
  number={2},
  pages={127--144},
  year={2011},
  publisher={Springer}
}

@inproceedings{Tron:2005,
  title={Hunmorph: open source word analysis},
  author={Tr{\'o}n, Viktor and Kornai, Andr{\'a}s and Gyepesi, Gy{\"o}rgy and N{\'e}meth, L{\'a}szl{\'o} and Hal{\'a}csy, P{\'e}ter and Varga, D{\'a}niel},
  booktitle={Proceedings of the Workshop on Software},
  pages={77--85},
  year={2005},
  organization={Association for Computational Linguistics}
}

@article{Huet:2004,
  title={Automata mista},
  author={Huet, G{\'e}rard},
  journal={Verification: Theory and Practice},
  pages={271--273},
  year={2004},
  publisher={Springer}
}

@article{Huet:2005,
  title={A functional toolkit for morphological and phonological processing, application to a Sanskrit tagger},
  author={Huet, G{\'e}rard},
  journal={Journal of Functional Programming},
  volume={15},
  number={4},
  pages={573--614},
  year={2005},
  publisher={Cambridge Univ Press}
}

@inproceedings{XXX:2014,
  title={Optimising Morphological Analyser Transducers Using Morphological
	     Structure and Automatically Induced Flag Diacritics}
  author={XXX},
  year={2014},
  organization={Association for Computational Linguistics}
}

